@online{Mohamed,
    author = "Mohamad",
    title = "Análisis de Componentes Principales (ACP)",
    month = {11},
    year = 2016,
    url  = "https://support.numxl.com/hc/es/articles/216532603-AnC3A1lisis-de-Componentes-Principales-ACP-1",
    addendum = "(accedido: 15.07.2021)"
}
@thesis{andresSanchesMangas,
  title={Analisis de componentes principales: Versiones dispersas y robustas al ruido impulsivo},
  author={Andrés Sánchez Mangas},
  type={Proyecto Fin de Carrera},
  institution={Universidad Carlos III de  Madrid},
  year={2012}
}
@book{CastilloGonzalez,
  title={Análisis Multivariado de Datos, Métodos y Aplicaciones},
  author={W. Castillo, J. González, J. Trejos},
  publisher = {Centro de Investigaciones en Matemáticas Pura y Aplicada, Universidad de Costa Rica},
  adress = {Costa Rica},
  year={2009}
}

@article{rojas2009analisis,
  title={Análisis en componentes principales},
  author={Oldemar Rodriguez Rojas},
  journal={San Jose, Universidad de Costa Rica},
  year={2009}
}

@online{interpretacion,
    author = "Joaquín Amat Rodrigo",
    title  = "Análisis de Componentes Principales",
    month  = jul,
    year   = 2017,
    url    = "https://www.cienciadedatos.net/documentos/35_principal_component_analysis#InterpretaciC3B3n_geomC3A9trica_de_las_componentes_principales"
}