@book {VRR,
    author = "Edwin Vargas, Enrique Flores, Demetrio Rey Lago",
    title  = "Paralelización de la factorización LDLT usando el lenguaje de programación paralela ZPL",
    month  = "agosto",
    year   = "2018",
    publisher = {Revista ingeniería UC},
    url    = "https://es.scribd.com/document/428137758/William-George-Horner"
}
@article{einstein,
    author = "Albert Einstein",
    title = "{Zur Elektrodynamik bewegter K{\"o}rper}. ({German})
    [{On} the electrodynamics of moving bodies]",
    journal = "Annalen der Physik",
    volume = "322",
    number = "10",
    pages = "891--921",
    year = "1905",
    DOI = "http://dx.doi.org/10.1002/andp.19053221004",
    keywords = "physics"
}
@BOOK {alexánderborbóna.waltermoraf,
    author    = "Alexánder Borbón A, Walter Mora F",
    title     = "Edición de Textos Científicos LaTeX",
    publisher = "Revista digital Matemática Educación e Internet",
    year      = "2021",
    edition   = "second"
}